<?xml version="1.0" encoding="UTF-8"?><record xmlns="http://www.loc.gov/MARC21/slim" xmlns:cinclude="http://apache.org/cocoon/include/1.0" xmlns:zs="http://www.loc.gov/zing/srw/">
  <leader>00501cz  a2200133n  4500</leader>
  <controlfield tag="001">n  82130296 </controlfield>
  <controlfield tag="003">DLC</controlfield>
  <controlfield tag="005">20080326074852.0</controlfield>
  <controlfield tag="008">820924n| acannaab           |n aaa      </controlfield>
  <datafield tag="010" ind1=" " ind2=" ">
    <subfield code="a">n  82130296 </subfield>
  </datafield>
  <datafield tag="040" ind1=" " ind2=" ">
    <subfield code="a">DLC</subfield>
    <subfield code="c">DLC</subfield>
    <subfield code="d">DLC</subfield>
  </datafield>
  <datafield tag="100" ind1="1" ind2=" ">
    <subfield code="a">Arcuri, James V.,</subfield>
    <subfield code="d">1957-</subfield>
  </datafield>
  <datafield tag="667" ind1=" " ind2=" ">
    <subfield code="a">Cannot identify with: Arcuri, James.</subfield>
  </datafield>
  <datafield tag="670" ind1=" " ind2=" ">
    <subfield code="a">International metallic materials cross reference, 1983 (a.e.)</subfield>
    <subfield code="b">CIP t.p. (James V. Arcuri) publ. info. (b. 7/7/57; materials specialist, General Electric Co., CR&amp;D, Schenectady, N.Y.)</subfield>
  </datafield>
</record>